<?xml version="1.0" encoding="UTF-8"?><record xmlns="http://www.loc.gov/MARC21/slim" xmlns:cinclude="http://apache.org/cocoon/include/1.0" xmlns:zs="http://www.loc.gov/zing/srw/">
  <leader>00379nz  a2200133n  4500</leader>
  <controlfield tag="001">no2009112565</controlfield>
  <controlfield tag="003">DLC</controlfield>
  <controlfield tag="005">20090724070009.0</controlfield>
  <controlfield tag="008">090722n| acannaabn          |n aaa     c</controlfield>
  <datafield tag="010" ind1=" " ind2=" ">
    <subfield code="a">no2009112565</subfield>
  </datafield>
  <datafield tag="035" ind1=" " ind2=" ">
    <subfield code="a">(OCoLC)oca08180003</subfield>
  </datafield>
  <datafield tag="040" ind1=" " ind2=" ">
    <subfield code="a">ICU</subfield>
    <subfield code="b">eng</subfield>
    <subfield code="c">ICU</subfield>
  </datafield>
  <datafield tag="100" ind1="1" ind2=" ">
    <subfield code="a">Yoshimura, Harumasa</subfield>
  </datafield>
  <datafield tag="670" ind1=" " ind2=" ">
    <subfield code="a">The formation of social work professions in Japan, 2009:</subfield>
    <subfield code="b">t.p. (Harumasa Yoshimura)</subfield>
  </datafield>
</record>